\usepackage[utf8]{inputenc}

@Book{Ausdauertrainer,
  author    = {Hottenrott, Kuno},
  publisher = {Rowohlt},
  title     = {Ausdauertrainer Radsport Training mit System},
  year      = {1998},
  address   = {Reinbek bei Hamburg},
  isbn      = {3499194732},
}

@Book{Modellbildung,
  author    = {Perl, Jürgen},
  publisher = {Hofmann},
  title     = {Modellbildung in der Sportwissenschaft},
  year      = {2002},
  address   = {Schorndorf},
  isbn      = {3778018213},
}

@Book{Radsporttraining,
  author    = {Lindner, Wolfram},
  publisher = {blv},
  title     = {Radsporttraining methodische Erkenntnisse, Trainingsgestaltung, Leistungsdiagnostik},
  year      = {2005},
  address   = {München},
  isbn      = {340516964X},
}

@Book{Trainingswissenschaft,
  author    = {Kuno Hottenrott, Georg Neumann},
  publisher = {Meyer + Meyer Fachverlag},
  title     = {Trainingswissenschaft},
  year      = 2020,
  isbn      = {3898999505},
  ean       = {9783898999502},
  url       = {https://www.ebook.de/de/product/25756138/kuno_hottenrott_georg_neumann_trainingswissenschaft.html},
}

@Book{EinfuerungTrainingswissenschaft,
  author    = {Hohmann, Andreas},
  publisher = {Limpert},
  title     = {Einführung in die Trainingswissenschaft},
  year      = 2014,
  address   = {Wiebelsheim},
  isbn      = {9783785319086},
}

@Book{Seidenspinner2005,
    author="Seidenspinner, Dietmar",
    title="Prinzipien der Trainingslehre",
    bookTitle="Training in der Physiotherapie: Ger{\"a}tegest{\"u}tzte Krankengymnastik",
    year= 2005,
    publisher="Springer Berlin Heidelberg",
    address="Berlin, Heidelberg",
    isbn="978-3-540-27135-2",
    doi="10.1007/3-540-27135-X_7",
    url="https://doi.org/10.1007/3-540-27135-X_7"
}
@Book{EssentialsConstraintProgrammierung,
  address = {Berlin {[u.a.]}},
  author = {Frühwirth, Thom},
  hdsurl = {https://hds.hebis.de/ubmz/Record/HEB05401798X},
  isbn = {354060670X},
  series = {Springer-Lehrbuch},
  title = {Constraint-Programmierung : Grundlagen und Anwendungen},
  uniqueid = {HEB05401798X},
  url = {http://scans.hebis.de/HEBCGI/show.pl?05401798_toc.pdf},
  year = 1997
}

@Book{HandbookConstraintProgramming,
	address = {Amsterdam ; Boston},
	edition = {1st ed},
	series = {Foundations of artificial intelligence},
	title = {Handbook of constraint programming},
	isbn = {9780444527264},
	publisher = {Elsevier},
	editor = {Rossi, Francesca and Van Beek, Peter and Walsh, Toby},
	year = {2006}
}

@Book{HandbookKnowledgeRepresentation,
	address = {Burlington},
	title = {Handbook of {Knowledge} {Representation}.},
	isbn = {9780080557021},
	url = {http://www.123library.org/book_details/?id=36996},
	language = {English},
	urldate = {2021-02-04},
	publisher = {Elsevier},
	author = {Van Harmelen, Frank and Lifschitz, Vladimir and Porter, Bruce},
	year = 2008
}

@Book{java, 
  title={The Java programming language}, 
  author={Arnold, Ken and Gosling, James and Holmes, David}, 
  year={2005}, 
  publisher={Addison Wesley Professional} 
}


@Article{ImplementationIntentions,
	title = {Implementation intentions: {Strong} effects of simple plans.},
	volume = {54},
	issn = {0003-066X},
	shorttitle = {Implementation intentions},
	url = {http://doi.apa.org/getdoi.cfm?doi=10.1037/0003-066X.54.7.493},
	doi = {10.1037/0003-066X.54.7.493},
	number = {7},
	urldate = {2021-02-03},
	journal = {American Psychologist},
	author = {Gollwitzer, Peter M.},
	year = 1999,
	pages = {493--503},
}

@Article{periodization,
    author = {Baker, Daniel and Wilson, Greg and Carlyon, Robert},
    year = 1994,
    title = {Periodization: The Effect on Strength of Manipulating Volume and Intensity},
    volume = {8},
    journal = {The Journal of Strength \& Conditioning Research},
    doi = {10.1519/1533-4287(1994)008<0235:PTEOSO>2.3.CO;2}
}



@Online{TrainingPeaksWeb,
  author  = {TrainingPeaks},
  title   = {{Training} {Software} and {Apps} {For} {Endurance} {Athletes}},
  url     = {https://www.trainingpeaks.com/athlete-features/},
  urldate = {2020-12-23},
}

@Online{2PeakWeb,
  author  = {2PEAK AG},
  title   = {{2PEAK}},
  url     = {https://2peak.com/},
  urldate = {2020-12-23},
}

@Online{StravaWeb,
  author  = {{Strava} {Engineering}},
  title   = {Strava {\textbar} {Tracking} von {Lauf}- und {Radfahraktivitäten} im sozialen {Netzwerk} für {Sportler}},
  url     = {https://www.strava.com/features},
  urldate = {2020-12-23},
}

@Online{PerfectPaceWeb,
  author  = {LeanFive Software GmbH \& CoKG},
  title   = {PerfectPace - Train, race, recover at your PerfectPace},
  url     = {https://blog.perfectpace.com/de/},
  urldate = {2020-12-23},
}
@Online{GlobalConstraintWeb,
  author  = {Sophie Demassey},
  title   = {Global Constraint Catalog},
  url     = {http://sofdem.github.io/gccat/gccat/sec5.html},
  urldate = {2020-12-23},
}


@Online{ChocoSolverWeb,
    author        = {Charles Prud'homme and Jean-Guillaume Fages and Xavier Lorca},
    title         = {Choco Solver Documentation},
    year          = {2016},
    organization  = {TASC and INRIA Rennes and LINA CNRS UMR 6241 and COSLING S.A.S.},
    timestamp     = {Tue, 9 Feb 2016},
    url           = {http://www.choco-solver.org },
    urldate = {2020-12-26}
}