% Encoding: UTF-8

@Book{Ausdauertrainer,
  author    = {Hottenrott, Kuno},
  publisher = {Rowohlt},
  title     = {Ausdauertrainer Radsport Training mit System},
  year      = {1998},
  address   = {Reinbek bei Hamburg},
  isbn      = {3499194732},
}

@Book{Modellbildung,
  author    = {Perl, Jürgen},
  publisher = {Hofmann},
  title     = {Modellbildung in der Sportwissenschaft},
  year      = {2002},
  address   = {Schorndorf},
  isbn      = {3778018213},
}

@Book{Radsporttraining,
  author    = {Lindner, Wolfram},
  publisher = {blv},
  title     = {Radsporttraining methodische Erkenntnisse, Trainingsgestaltung, Leistungsdiagnostik},
  year      = {2005},
  address   = {München},
  isbn      = {340516964X},
}

@Book{Trainingswissenschaft,
  author    = {Kuno Hottenrott, Georg Neumann},
  publisher = {Meyer + Meyer Fachverlag},
  title     = {Trainingswissenschaft},
  year      = {2020},
  isbn      = {3898999505},
  ean       = {9783898999502},
  pagetotal = {366},
  url       = {https://www.ebook.de/de/product/25756138/kuno_hottenrott_georg_neumann_trainingswissenschaft.html},
}

@Book{EinfuerungTrainingswissenschaft,
  author    = {Hohmann, Andreas},
  publisher = {Limpert},
  title     = {Einführung in die Trainingswissenschaft},
  year      = {2014},
  address   = {Wiebelsheim},
  isbn      = {9783785319086},
}

@Book{Seidenspinner2005,
    author="Seidenspinner, Dietmar",
    title="Prinzipien der Trainingslehre",
    bookTitle="Training in der Physiotherapie: Ger{\"a}tegest{\"u}tzte Krankengymnastik",
    year="2005",
    publisher="Springer Berlin Heidelberg",
    address="Berlin, Heidelberg",
    pages="57--62",
    isbn="978-3-540-27135-2",
    doi="10.1007/3-540-27135-X_7",
    url="https://doi.org/10.1007/3-540-27135-X_7"
}
@Book{ConstraintProgrammierung,
  address = {Berlin {[u.a.]}},
  author = {Frühwirth, Thom},
  hdsurl = {https://hds.hebis.de/ubmz/Record/HEB05401798X},
  isbn = {354060670X},
  keywords = {},
  series = {Springer-Lehrbuch},
  title = {Constraint-Programmierung : Grundlagen und Anwendungen},
  uniqueid = {HEB05401798X},
  url = {http://scans.hebis.de/HEBCGI/show.pl?05401798_toc.pdf},
  year = 1997
}



@Online{TrainingPeaksWeb,
  author  = {TrainingPeaks},
  title   = {{Training} {Software} and {Apps} {For} {Endurance} {Athletes}},
  url     = {https://www.trainingpeaks.com/athlete-features/},
  urldate = {2020-12-23},
}

@Online{2PeakWeb,
  author  = {2PEAK AG},
  title   = {{2PEAK}},
  url     = {https://2peak.com/},
  urldate = {2020-12-23},
}

@Online{StravaWeb,
  author  = {{Strava} {Engineering}},
  title   = {Strava {\textbar} {Tracking} von {Lauf}- und {Radfahraktivitäten} im sozialen {Netzwerk} für {Sportler}},
  url     = {https://www.strava.com/features},
  urldate = {2020-12-23},
}

@Online{PerfectPaceWeb,
  author  = {LeanFive Software GmbH & CoKG},
  title   = {PerfectPace - Train, race, recover at your PerfectPace},
  url     = {https://blog.perfectpace.com/de/},
  urldate = {2020-12-23},
}
@manual{ChocoSolverWeb,
  author        = {Charles Prud'homme and Jean-Guillaume Fages and Xavier Lorca},
  title         = {Choco Solver Documentation},
  year          = {2016},
  organization  = {TASC, INRIA Rennes, LINA CNRS UMR 6241, COSLING S.A.S.},
  timestamp     = {Tue, 9 Feb 2016},
  url           = {http://www.choco-solver.org },
}

@article{periodization,
author = {Baker, Daniel and Wilson, Greg and Carlyon, Robert},
year = {1994},
month = {11},
pages = {},
title = {Periodization: The Effect on Strength of Manipulating Volume and Intensity},
volume = {8},
journal = {The Journal of Strength & Conditioning Research},
doi = {10.1519/1533-4287(1994)008<0235:PTEOSO>2.3.CO;2}
}
@book{arnold2005java, 
  title={The Java programming language}, 
  author={Arnold, Ken and Gosling, James and Holmes, David}, 
  year={2005}, 
  publisher={Addison Wesley Professional} 
}

@electronic{werger2019anwendung,
  address = {Cottbus},
  author = {Werger, Tabea},
  editor = {Fügenschuh, Armin},
  hdsurl = {https://hds.hebis.de/ubmz/Record/HEB448591499},
  keywords = {},
  series = {Cottbus Mathematical Preprints},
  title = {Eine Anwendung der ganzzahligen Optimierung auf die Stundenplanerstellung einer Unteroffiziersschule der Bundeswehr},
  uniqueid = {HEB448591499},
  url = {https://nbn-resolving.org/urn:nbn:de:kobv:co1-opus4-48036},
  volume = {2, 2019},
  year = 2019
}
